%YAML 1.1
%TAG !u! tag:unity3d.com,2011:
--- !u!1001 &100100000
Prefab:
  m_ObjectHideFlags: 1
  serializedVersion: 2
  m_Modification:
    m_TransformParent: {fileID: 0}
    m_Modifications: []
    m_RemovedComponents: []
  m_ParentPrefab: {fileID: 0}
  m_RootGameObject: {fileID: 1995073433363594}
  m_IsPrefabParent: 1
--- !u!1 &1995073433363594
GameObject:
  m_ObjectHideFlags: 0
  m_PrefabParentObject: {fileID: 0}
  m_PrefabInternal: {fileID: 100100000}
  serializedVersion: 5
  m_Component:
  - component: {fileID: 4928159278072874}
  - component: {fileID: 114669724339758508}
  - component: {fileID: 114986508115814150}
  - component: {fileID: 114520405180639798}
  - component: {fileID: 114058063663590768}
  m_Layer: 0
  m_Name: WaterAnimalsManager
  m_TagString: waterAnimalsManager
  m_Icon: {fileID: 0}
  m_NavMeshLayer: 0
  m_StaticEditorFlags: 0
  m_IsActive: 1
--- !u!4 &4928159278072874
Transform:
  m_ObjectHideFlags: 1
  m_PrefabParentObject: {fileID: 0}
  m_PrefabInternal: {fileID: 100100000}
  m_GameObject: {fileID: 1995073433363594}
  m_LocalRotation: {x: 0, y: 0, z: 0, w: 1}
  m_LocalPosition: {x: 0, y: 0, z: 0}
  m_LocalScale: {x: 1, y: 1, z: 1}
  m_Children: []
  m_Father: {fileID: 0}
  m_RootOrder: 0
  m_LocalEulerAnglesHint: {x: 0, y: 0, z: 0}
--- !u!114 &114058063663590768
MonoBehaviour:
  m_ObjectHideFlags: 1
  m_PrefabParentObject: {fileID: 0}
  m_PrefabInternal: {fileID: 100100000}
  m_GameObject: {fileID: 1995073433363594}
  m_Enabled: 1
  m_EditorHideFlags: 0
  m_Script: {fileID: 11500000, guid: 2fd947bf16f743c4d8f92e0b9d3ef056, type: 3}
  m_Name: 
  m_EditorClassIdentifier: 
  eventsList: 00000000
  pederpesPrefab: {fileID: 1875890573118080, guid: 51598f43b6d55a74fbcc65dc9e27e0e2,
    type: 2}
  speed: 1.5
  liveTime: 20
--- !u!114 &114520405180639798
MonoBehaviour:
  m_ObjectHideFlags: 1
  m_PrefabParentObject: {fileID: 0}
  m_PrefabInternal: {fileID: 100100000}
  m_GameObject: {fileID: 1995073433363594}
  m_Enabled: 0
  m_EditorHideFlags: 0
  m_Script: {fileID: 11500000, guid: 864e043727fc6724a9ed9e12a5c49f33, type: 3}
  m_Name: 
  m_EditorClassIdentifier: 
  whalePrefabs:
  - {fileID: 0}
  - {fileID: 0}
  speed: 8
  lifeTime: 45
--- !u!114 &114669724339758508
MonoBehaviour:
  m_ObjectHideFlags: 1
  m_PrefabParentObject: {fileID: 0}
  m_PrefabInternal: {fileID: 100100000}
  m_GameObject: {fileID: 1995073433363594}
  m_Enabled: 1
  m_EditorHideFlags: 0
  m_Script: {fileID: 11500000, guid: 7cdb4add88625ff4486c25ada583fa0a, type: 3}
  m_Name: 
  m_EditorClassIdentifier: 
  numFish: 20
  minSpeed: 4
  maxSpeed: 4
  rotationSpeed: 8
  neighbourDistance: 15
  FishAvoidDistance: 2
  flockPrefabs:
  - {fileID: 1755431191007414, guid: 84a82f15a364eda418c1bf1d9c81b5fb, type: 2}
  - {fileID: 1755431191007414, guid: 84a82f15a364eda418c1bf1d9c81b5fb, type: 2}
  FlocksContainer: {fileID: 0}
  flockTarget: {fileID: 0}
  tanksize: 20
  eventsList: 010000000b0000000c000000
--- !u!114 &114986508115814150
MonoBehaviour:
  m_ObjectHideFlags: 1
  m_PrefabParentObject: {fileID: 0}
  m_PrefabInternal: {fileID: 100100000}
  m_GameObject: {fileID: 1995073433363594}
  m_Enabled: 1
  m_EditorHideFlags: 0
  m_Script: {fileID: 11500000, guid: cbe09abf5bef7eb448367ea61e5afb11, type: 3}
  m_Name: 
  m_EditorClassIdentifier: 
  eusthenopteronTarget: {fileID: 0}
  eusthenopteronPrefab: {fileID: 0}
  translationSpeed: 1.75
  isTurning: 1
  rotationSpeed: 0.2
  minDepht: -30
  maxDepht: -40
  lifeTimeAfterPatrol: 8
